1120102121331110101112122123311121120113001132111021311211213310131311111131210121111331123102301213
3211313022232133310323212113112231131111111321122333112111113233111321201131112133331130132221131331
1311101210111113110133022231111220111122211232111101011111121121131212222103312111311123112121213213
2212111130121010112111031310113112112133113233110111332111211212113030211130211123312221103223131111
1111311112121321110112233132123333213011111111311121211211231331111210213111213211211113110113213120
2111021231131113331101232122013121313222111120121313103033122113020311211001311311311300111231101123
3011332123133230312233131111111133123112111121311110121011311120111102311233233211122103111313321113
2111322212213311221131111122333333111312221130132232213321312011102231221013112111323133111123311130
1112210332233111213111311103030012121100211111111313230131111133231303131201213121111111131100312121
1101111112001203322122113132111313003103111111113113133113333111102211331203332113001232121113300231
1031211211111221100101131221211102231122113312111111113310212121101113333312111112111111311213011011
2223301111122121031311210112311312201121302131230211210121312111211023310130113111213110110231310232
1201002213211033321113112310311121110311121210113303101112111210011311313012121111110123221313211102
3313222122120111110231112110213111133112213131311331200112122131232111203122121202133121311221030110
3130011013121212111031211031123112211013101110211031332110312012313013113132011111111111313233111210
1301111111133111112111211031133311112130231113013111123302112111102110011123301132311231111311311111
3321112321121112112013230321121111131121113131011132233121323123002111211111222311021230122111111211
0111322130332102323311123313123031111123212320111101321113111211121121131303322133131110320010012022
3012311231223111332131011331311313333312231311122212113121331122022111111321313211121123011211112110
0110211110111310103111210331122032112011011311112222112111100020121321111322131113213013211011113321
0111111113101233111112211233131211133321111100100113211111111113330101320223232101123111321311033112
2111313012302132111123121113000101231233112132122132130212231131111010212132233321131110201331111010
2113102022012321223121011301202231111322231111112212311311211120113131122110211111331321213231111222
1111113320113133133130221023102013130031112110111111321312131313113312213123110211302311120321132032
1011301013202112121310103122313310111110211132110131121211123231223131111311233012131011111111132122
3213211102131303123112101321112112131213311313330122111012121111131113111132021330303111020312202013
3332202321210112311112111311111113020111110232201322101310132311111113200111111223131131110311210103
1013121110313211101103102301111131103113111123221131031321112113212021120331111231312211211221211311
3111011320111213313111131110111111101331123110131013112211311113332101111331111022311201120111112013
1301213102323313113233021331112011332111212112211313210112102113131112133113221212111101123023311311
3121211211112232111213101121121112101321113111110212112231303111233312200221311113122212131102231203
3021211101312110221121111111312331033130112311320111112330312110111311121110111131121130211131031111
1113311321111121001300212031101012131131112111103101111231131111121113222121113131221223012322113121
2121131111112121212311111120003131113131133313110131111323111122213311030221122332122121232121123011
0310131131131111333111103110313113113311201312311221321312331103121111111111211113123130123312130131
0103113111222331131122110131122323111111032112313110132131211133121223112222331111332122121201222113
1310201131102322111212121111211031113111233111121201111321222311231132231101102112132030221301111211
1101113312111132111312111121212011001112132011121221122003011331112131212111213111223111111021111211
0211300311111010333001331211231213211233122310111203122112213100230131211112111310323311111112123103
2311130113112123120333031122012313131121231021111111113231133302112011120110132012133222121311121113
3202132320011311211212122113323331112212013110111311101221212122102111121121033111012311121111111222
1121231113313130112211132112212231111320102301132111101211233131010101113333131111231212312013120113
0131013131122211031310311110323110312213112311121111332321111023101133321002333311111111121233131110
2213110311311102212300222210211122331122301211131111023011331330310121121312111121313111213011312302
1133112312311222330111211123323122111130132133112303322311333121332133101111111222111131012130121012
2111101123120131131123130321311100101111131111213110123311311212333132121131312213110101113111111111
1333213223313101312131132311220111331121232112111102010213211323113110111100111111112212112112332012
1013131112011011121001303132211211303213032332122131131312110221323311321331111201012220012030111313
1110321323110233001221311031211101312213211111321330111233121110002121011331111330111321133101112231
1111332113111311213121101121211331012031013113032113112111211301123332213321131331221113121323013113
3202113120131102111130112102132112211121313323102023112312110123111110112121321102111221123120211311
2311111121310113111211110122212211133111311113212111212111201211131112111113113102111311331113111121
0212313322121321101133113121121211123012111113321133111231111303111113023322011332111313113233111303
1111131213202101220111111110101111001311121211111212112031231110121113102132221133210101301311313320
3121112221113111101211122133101111232123230111111211203331112232030213111132212333101101111211121323
2202233221131021311211331223211121101131113321212220132222111111311111123122131112131121211012100222
2111132021312121230331103111232131211201313111111033133113120031111202333001121133311313111211121310
2121133331321211122112231200313112112131231112102132302021113002121121113022211112332311111113311111
2132123101120101121011213112313111011111231111311113311113031121113112121111120102223232113113011121
3013233111131131212110320311222200122113103132111121011112131111130111121111133121120311232101211111
1112133132233311113211211131112132121111103221130111213211311321211113111331313332201123232222031231
3113032021031313313113323020102131223112321313111111303110233110331311221313121003211032110121131132
2001022122121100313311110112111110112201213131111101211131211111111211201330301001113123312113211111
3111013111101102323213221313333112113210223301301203111111121001103111312311331022112111101222121132
0131002133133301111131111131233211010131312001211113213311011113231321131111131133321310210212113221
1121123313231113310111111033311111211102221232121100210311110211323111130312201123111011231112102223
3120013221103021221113111211111111133121200123131133333111131102111202111212113211113212033012131311
2231321111130313122132123212211213130113111211111103111112133231121333101103131013222211331111111110
2031110102111113112211121323111111111233213121210111121131323111312122332110112332112011311311133311
1112101022321010011111111110132110311111111201111112223112303021112322111232321121231111122132132222
1212311321101303221113123112303213101211133102310113010212311012113101121121311111132331320110031121
3131230132121210122111110112120210131122132111332311032111213301320012131011201332232221011220113122
1110210211231211211111100111110212123132010133112212302011111131332120212210021311102311230031233111
3211311123333111112312002102023311212312330211101111313213102211121232101211113113111223231012111110
3111122111220213230133303123322123231210211131202133200021321112330123301220311123123121111121120123
2111311113131131333133030030113101221011320211132113331333131313131221113131111112211131133221100213
1312111232103012303112111111111112113211031313011312112320320112021111111313123311122212133203233022
3131233201011131131120121303221121121231123121222331120101212312311020113111122131113011011111211111
0331323321113131131110031112313301111213110113131331203121231101013133332123013231111130302102121212
1011313133311330111110311213231121112112111131221321221030200211120103221101120103123313231210211110
1112131313332131301111131311111120130111020101311311311131310101101112111112212113102131311232023023
1130123121123123212313123123311233131112121110130132211211223313323100213211113211212131130112222113
0232212130111311132213221131122110211311312111232121132332312232122112111113131211212111122111222223
1011212333111111321202221330111113111112301311213211131313111121011321111111331031131101110102100333
1111131313230111331131113311112322013111111111131312131211221310221031221111222113220110011112010211
1211332221131311331121111231111033331210110121111111101233011111211213133311110031113111131313113213
1011311320132213031201011213320113311012121111311312231212101131103112123011110121111111312123321001
1131212223110311211112230233112111021111331312100113311110113123112331132121333213132113113231203303
2022111001113121011111121313213311121211220311212321311113321221123123311121111313330331223312231121
0100122112222031212111021113311313311331211021033202332131121121213113311111103221221331310231211021
1131021130131113210010322113311011102131312110313213011111320011111311111032113021022112203011113221
0213111121311131210111011331013113111011130111101131121202111112123311311112111221121111313112112111
1110331110113012313123212221011101212111112111012221310101211111110213123121200011311132121121011131
1111111101312101111112333101311232113112122310100231123111131313123111211131213311322301111111121211
0111231102112311210113100112132322213313310110123212211322131121101231011111220131132113321333120113
1111211111111122210331111213111131232113103111113310332123311103232211311111111211032113121111110311
2311212310111320111212112112120122301113230132101032112210113110121021112131301011333311313113001013
3113111211323121023033011331110331112322121211111300223033121032131122112201121301033232133122131312
1110333223111031132103023011111021111132112323111231133111111021121111131011312311103111213211111113
1313121312111131120111313213111101112031112103111232123133231111221033210131111112313213131213111111
