1121113111131131112130110321112222112133132112033111111111211120313321211211302101011110311231323130
2120121103213101231130111331122123111111103311132211033131322302201111113132111212330321012131202011
1013122313113121312313111231131211111111111203022031221112111323332221111111031111210113211121113112
1131132311113011310110321111312122111232331021131120212111333202131110101312132112110113212313331112
3232112123233211211111120313112113101110110311123221133111023321131120101111113121110202321112022112
3101331311131321322123311211000112123133111121111113321202101130311132113132211031123311121331111331
1311223211102112113121011031113130031132111211311131321131113331012313111211101112321131120111101122
1213312332212211310112101310111120111231110111313122132213111123213013110111301221123232121121311232
1111213111310221211111013221111110121230212111013321112120312231212223132311113322133113111211020020
1333011110101123011020111132230311011113332120132111121312113111002113221113221121013123211023310222
3111133210311021120231112222131110221221123211113011213112103013001121023231101321232312110211103113
1321112101211123011110111113311321032103310110321111012331131121112331231111212322311223102111022211
1011111211103013022111232320213232113123110311312111111101112121213111111120113112013113201133132321
1111131211223123311212312211203111110113121201102023313213313301032332111010131110121110111223011111
1122113121121132230331131331312111121121031110111312112101111211111211131211013121211321121111221300
1231111323221111113113301211101303212101111213203113131113321121123201133101321111201311232111233102
3313133121111111101211111121021121111122311113131113111332011333203111311211012111301223133211111010
2031111100211231121233321231033210111112213231130211113112133122212212111313231311121010113323311112
2121111231111021111303110133103313211111113311110121331311111210123113131112113131221111113211323011
0210121011211121031203223331221212111112031031133222231111311211111111121021122222310221210113212211
1031111113121121212111231111111310111210131111311131231121312113131213213111131021112101322113112010
1003111111132111012110311321132311131131231122121213113113111021311111031112112131113113012111233210
2221211123101121131031012121101232122131012113111202101110113112130211332110211101011223011003200133
1313301131203111102333131311111323211133311121203110231211030111111231211210133110112111102112201321
1111121131123202313110002312231011232321132331101111113121012101122133111322222121331231102113313131
1123112323131321111132012021132111111111111121111233133122111030112132113120130112312121230121220223
1112211112023133313131232223113111211131111311202231111101111232211322211111111331321311111102201111
1233131110110211113112312123311110211121221123111303111311323112201311111112122111212201322113211130
1021111121101222110123321212231131231331311132321231321210301121110331323201201313111231312132211111
0123311221133122113301300111111321113112322132010110111123121112311212210231113101112131213121113021
1330121111013011000123113212211213121110001031101331122111131101310113120012312331111131011112221011
1322311311021111111321112211111312313311133133111131010012121331233233323323120103231111131233321322
1113131111221113212101112131331111221113302311111330121221113131001311300111212021012101213111230130
1113212111210113121110211112311111211131011331123131210031113100133131112012123111331121031120222211
3301102112130333112320311002021123211310311101031111211311013321210003323221133121112221101111113111
0301012113111111112111111111131210112231111121112210221101131132111113121011131312312123311113111132
1333231101110111103101113013121131121331011231232212102013111121131311211100111301111111112313130112
1131111110022010112212321100112131313113111103212111231101111120210211112213321212130131113021123312
1032231112121100312310311112111123220221113110311212212201331321011011132121203020231123120330111113
2211231213113211111111111110122031111111232231102111212030011331331312111103100321332121101101111333
1212111111321321121122103231113113101102111122113023311010221111312313101223101011013331012111132111
3121121302133110211200011311111102321020311032102112321100221121121132212311112323100122311321313111
1132311330131313111221211000113133111132212011013100333011312323000101101231022121131331312113131111
2332111111112111121131333013022120230130201312103132312113103113212121112113213301023110323111111313
0211121212211112103213121112321131333231001132111103223211201310011111331012211313231313001110032212
2311111133113221011312002211112211311003211101232110311332132112031021111111112111111111122101112131
3332331112111120131301111212113113211113010211112101210131032323113112111110232312210132233323321131
1211111132332013223201332311101231211101131131133111230112122301201213112330123211330131132321111332
1111111211230211231310201211130311012333111110113113113233311111310123313112311111123021123311011312
2111102103020211232002130313111231131321211311111320122112313111311111013111112111331211212111123213
1110110013311321132011131111121120111100101212322232011111111012102333111211313201111331031131131131
1213311312212210122301200212321021231233321111330331321133320331111121032331201111111113211212130311
2231121002220201121331321130011321212313131021113330213233113111313131111011110211211122112222311111
1131311111333221111321102310210102220103302222101321111011321231110111032101211331220031113131311111
2111211132011131121112322332331233111211111113111113133311133013113131130113001111201113113312312111
1111111131112231111032111113312120121311311131110111321123111313311121213102111231321213332113131311
2211012012110312233332112303121022111111011123301231201221111311211211110121120113133131123101120212
3021023123101013032102102131121211123011112101312111111021112113332223011231213221331112112213101102
1131210110112120111112123110132212111110131332112223011131011013221023121123310222331123102302010112
3332011233232320111233301113312112321213121111033212303111213123231111110113121210331203112211001331
2111212101201011011211111211311111301203011103122101233133111121113111202210113322131213111132110111
3311313111321102323123111221321333120111113320213111111202101233111121023121112223111112120212110031
3131121322311111103211213111321102111113313311131110013231112111123232223011310231122312132331121111
1221011112112002120021323321311121122112320112112121110121101111211323111213332031221213133111101213
1101001311120012221221013110222203111122012311213211313112310131110113011123111211331131021221113101
3130121131121222021221103313311310133231031110232301013101113120013111212320131311211111111213130231
1122112212131311132222211111130311312131031133320113331111101313111233223013112111331203231233211102
1331213312201211303212133312112012131123111122023013112132111131222311112222023111001111121111312203
1332222111111221231001231111321103111133313301121303221111123031131211121122111123111311111120111130
2311111123231113112011111111113131131131311213230111111211221120031131123113111121113001213111101111
2111131113213201131232111111333121133311213122013111131322131031110213211231111332303112231211112311
1202131111111311132131311201123110121120313111111212301331303312111111110302321201102111331313233211
1032213111323131213113210121111310311111212231111103121221231130111311311122112132311231123003303033
2111131132101230111113212111112113113211122113221021132322031113112211211012111132113211311112131211
2312111331221111232101233313133122110112121213121211011112131213132003012113112311333211111202011033
3111111233123121111131113111233111113230011223323131313311132330311310133333311111333211013111310121
1111111202120332213131331111131112211231111121132120211133131211111110331121112011333111332102112113
1330122211031211311201212221113023123223101221101131311033213111210121113112322121222132211221032111
1312113213313323213133011231113113233321131232111111111303121221011303230011230100111202131310101312
1311130111311100220201310112302213212211111112211001331310311221121201111320222212113113113233211201
1023311210131012220312011331210111111331111111111221211011102112123011030122111131112213013313301311
1321001110110120323312120121330202203231221130301212310132122223213113113110133131112131213100111333
3132111033112213310121111031313111012200101131133011113221111202120111111121311211221112111333013212
1123131210201101011033021330112300232121310111111210111111111012211313310133211312313031130111121311
1113210111122111321332111111121111210123330011221213110323111111321301111121100321313110211113311032
3013111111011123133210210111131112111130101303111311222022321311321121321121010031223122123313111123
1331121120313113112122101212331210131131201311121121113201223110033230110101122203121101013123112203
2111111112312100213031211213212123101131212221210121122101111210011112121301111111301123113110311111
1211101111101202222311120132110111311332221133211223320112213101321321121311132031312110101311103132
2111311122113121113131321302011313111111111011201201211111032110311010301211201221313210212012112101
1011033111223033322222310111111312111212323222213331123212113031213100110133203112030111111322111113
3311312132310132133032001113131320211301311331311210001312120121111132313032122111331213210232103032
1323101213113111111133130113311133111111311121333111201223133133113131222230122131011131133131331111
2311112311323111111311133112122111211121112103112233111022213111200112231203012110011120310311313021
0111121332222100311011202131333333333211112113211133213222311111121211132110020210011121220311112011
1312011211133002311310131121111211213111311131123331112013213222322312131011111131112231111331111111
1211112211211101110122021121222120213310212022113312111231113123331311132103121113031011111121210132
0231132311331311231112311311213131213331111110212111112131300013223111213111101303023322111212101211
0222312013111211213111321113131123032222313231231331123311032233133101031011211121122323111222111110
1302311112113112222331311231332132212110123102332211211133111211111321311113121111112312133131312223
